% This file was created with JabRef 2.10b2.
% Encoding: ISO8859_1


@Book{IMSSS,
  Title                    = {Introduction to Molecular Simulation and Statistical Thermodynamics.},
  Author                   = {Thijs J.H. Vlugt and  Jan P.J.M. van der Eerden and  Marjolein Dijkstra and Berend Smit and Daan Frenkel},
  Publisher                = {Delft, The Netherlands},
  Year                     = {2008},

  Owner                    = {fett},
  Timestamp                = {2014.05.28}
}

